@inproceedings{webster1992tokenization,
  title={Tokenization as the initial phase in NLP},
  author={Webster, Jonathan J and Kit, Chunyu},
  booktitle={COLING 1992 volume 4: The 14th international conference on computational linguistics},
  year={1992}
}

@article{adam2020blockchain,
  title={Blockchain-Technologie f{\"u}r Unternehmensprozesse},
  author={Adam, Katarina and others},
  journal={Sinnvolle Anwendungen der neuen Technologie in Unternehmen. Berlin},
  year={2020},
  publisher={Springer}
}

